%% This BibTeX bibliography file was created using BibDesk.
%% http://bibdesk.sourceforge.net/


%% Created for Nathan Sanders at 2018-07-04 18:05:55 -0400 


%% Saved with string encoding Unicode (UTF-8) 



@article{WriterToAppear,
	Author = {Writer, Wei Li},
	Date-Added = {2018-07-04 22:05:18 +0000},
	Date-Modified = {2018-07-04 22:05:55 +0000},
	Journal = {Journal},
	Title = {Title of Article},
	Year = {To appear}}

@unpublished{Writer1999,
	Author = {Writer, Wanda},
	Date-Added = {2018-07-04 22:03:44 +0000},
	Date-Modified = {2018-07-04 22:04:35 +0000},
	Note = {Ms., University Name},
	Title = {Title of Unpublished Manuscript},
	Year = {1999}}

@article{Rice1997,
	Author = {Rice, Keren},
	Date-Added = {2018-07-04 22:01:43 +0000},
	Date-Modified = {2018-07-04 22:02:43 +0000},
	Journal = {Linguistic Inquiry},
	Number = {1},
	Pages = {541--551},
	Title = {{J}apanese {NC} Clusters and the Redundancy of Postnasal Voicing},
	Volume = {28},
	Year = {1997}}

@article{Blevins2008b,
	Author = {Blevins, Juliette},
	Date-Added = {2018-07-04 22:00:12 +0000},
	Date-Modified = {2018-07-04 22:00:47 +0000},
	Journal = {Diachronica},
	Pages = {1--19},
	Title = {Phonetic Explanation Without Compromise},
	Volume = {25},
	Year = {2008}}

@incollection{Blevins2008a,
	Address = {Amsterdam},
	Author = {Blevins, Juliette},
	Booktitle = {Naturalness and Iconicity in Language},
	Date-Added = {2018-07-04 21:58:26 +0000},
	Date-Modified = {2018-07-04 22:01:08 +0000},
	Editor = {Willems, Klaas and De Cuypere, Ludovic},
	Pages = {121--148},
	Publisher = {John Benjamins},
	Title = {Natural and Unnatural Sound Patterns: {A} Pocket Field Guide},
	Year = {2008}}

@article{Kiparsky1985,
	Author = {Kiparsky, Paul},
	Booktitle = {Some Consequences of {L}exical {P}honology},
	Date-Added = {2018-07-04 21:52:02 +0000},
	Date-Modified = {2018-07-04 21:52:47 +0000},
	Journal = {Phonology Yearbook},
	Pages = {85--138},
	Title = {Some Consequences of {L}exical {P}honology},
	Volume = {2},
	Year = {1985}}

@book{Reuland2011,
	Address = {Cambridge, MA},
	Author = {Reuland, Eric},
	Date-Added = {2018-07-04 21:46:54 +0000},
	Date-Modified = {2018-07-04 21:47:42 +0000},
	Publisher = {MIT Press},
	Title = {Anaphora and Language Design},
	Year = {2011}}

@phdthesis{Reinhart1976,
	Author = {Reinhart, Tanya},
	Date-Added = {2018-07-04 21:43:20 +0000},
	Date-Modified = {2018-07-04 21:43:57 +0000},
	School = {Massachusetts Institute of Technology},
	Title = {The Syntactic Domain of Anaphora},
	Year = {1976}}

@misc{NakayamaArchibald2005,
	Author = {Nakayama, Mariko and Archibald, John},
	Date-Added = {2018-07-04 21:35:19 +0000},
	Date-Modified = {2018-07-04 21:42:19 +0000},
	Howpublished = {Paper presented at the annual meeting of the Canadian Linguistic Association, London, ON},
	Title = {Eye-Tracking and Interlingual Homographs: {E}vidence for Non-Selective Access to the Bilingual Lexicon},
	Year = {2005}}

@article{Kahnemuyipour2001,
	Author = {Kahnemuyipour, Arsalan},
	Date-Added = {2018-07-04 21:22:31 +0000},
	Date-Modified = {2018-07-04 21:28:24 +0000},
	Journal = {Canadian Journal of Linguistics},
	Number = {1},
	Pages = {41--61},
	Title = {On {\em Wh}-Questions in {P}ersian},
	Volume = {46},
	Year = {2001}}

@article{HellerEtal2016,
	Author = {Heller, Daphna and Parisien, Christopher and Stevenson, Suzanne},
	Date-Added = {2018-07-04 21:18:18 +0000},
	Date-Modified = {2018-07-04 21:21:13 +0000},
	Journal = {Cognition},
	Pages = {104--120},
	Title = {Perspective-Taking Behaviour as the Probabilistic Weighing of Multiple Domains},
	Volume = {149},
	Year = {2016}}

@book{Wolfram1971,
	Address = {Washington, DC},
	Author = {Wolfram, Walt},
	Booktitle = {Black-White Speech Relationships},
	Date-Added = {2018-07-04 20:28:23 +0000},
	Date-Modified = {2018-07-04 20:28:58 +0000},
	Publisher = {Center for Applied Linguistics},
	Title = {Black-White Speech Relationships},
	Year = {1971}}

@book{Labov1966,
	Address = {Washington, DC},
	Author = {Labov, William},
	Booktitle = {The Social Stratification of {E}nglish in {N}ew {Y}ork {C}ity},
	Date-Added = {2018-07-04 20:25:16 +0000},
	Date-Modified = {2018-07-04 20:27:27 +0000},
	Publisher = {Center for Applied Linguistics},
	Title = {The Social Stratification of {E}nglish in {N}ew {Y}ork {C}ity},
	Year = {1966}}

@book{Labov2001,
	Address = {Oxford},
	Author = {Labov, William},
	Date-Added = {2018-07-04 20:23:43 +0000},
	Date-Modified = {2018-07-04 20:27:31 +0000},
	Publisher = {Blackwell},
	Title = {Principles of Linguistic Change. {V}olume {II}: {S}ocial Factors},
	Year = {2001}}

@incollection{Hannahs2010,
	Address = {Malden, MA},
	Author = {Hannahs, S. J.},
	Booktitle = {The {B}lackwell Companion to Phonology},
	Date-Added = {2018-07-04 20:09:28 +0000},
	Date-Modified = {2018-07-04 20:13:41 +0000},
	Editor = {Ewen, Colin J. and Rice, Keren and Hume, Elizabeth and Oostendorp, Marc van},
	Pages = {2807--2830},
	Publisher = {Wiley-Blackwell},
	Title = {Celtic Mutations},
	Volume = {5},
	Year = {2010}}

@book{Eckert1999,
	Address = {Oxford},
	Author = {Eckert, Penelope},
	Booktitle = {Eckert, Penelope},
	Date-Added = {2018-07-04 20:06:24 +0000},
	Date-Modified = {2018-07-04 20:07:06 +0000},
	Publisher = {Blackwell},
	Title = {Variation as Social Practice},
	Year = {1999}}

@article{AveryRice1989,
	Author = {Avery, Peter and Rice, Keren},
	Date-Added = {2018-07-04 19:56:22 +0000},
	Date-Modified = {2018-07-04 19:57:24 +0000},
	Journal = {Phonology},
	Number = {2},
	Pages = {179--200},
	Title = {Segment Structure and Coronal Underspecification},
	Volume = {6},
	Year = {1989}}

@incollection{Armon1996,
	Address = {Groningen},
	Author = {Armon-Loten, Sharon},
	Booktitle = {Proceedings of the {G}roningen {A}ssembly on {L}anguage {A}cquisition ({GALA}) 1995},
	Date-Added = {2016-11-12 01:05:35 +0000},
	Date-Modified = {2018-07-04 19:58:39 +0000},
	Editor = {Charlotte Koster and Frank Wijnen},
	Pages = {77--86},
	Publisher = {Center for Language and Cognition},
	Title = {What {H}ebrew Early Verbs Teach us about Root Infinitives},
	Year = {1996}}

@book{Goldsmith1995,
	Address = {Oxford},
	Date-Added = {2016-11-12 00:41:58 +0000},
	Date-Modified = {2018-07-04 20:08:16 +0000},
	Editor = {John Goldsmith},
	Publisher = {Blackwell},
	Title = {The Handbook of Phonological Theory},
	Year = {1995}}
